@article{li2017context,
  title={Context-Aware Semantic Inpainting},
  author={Li, Haofeng and Li, Guanbin and Lin, Liang and Yu, Yizhou},
  journal={arXiv preprint arXiv:1712.07778},
  year={2017}
}

@article{mehta2017vnect,
  title={Vnect: Real-time 3d human pose estimation with a single rgb camera},
  author={Mehta, Dushyant and Sridhar, Srinath and Sotnychenko, Oleksandr and Rhodin, Helge and Shafiei, Mohammad and Seidel, Hans-Peter and Xu, Weipeng and Casas, Dan and Theobalt, Christian},
  journal={ACM Transactions on Graphics (TOG)},
  volume={36},
  number={4},
  pages={44},
  year={2017},
  publisher={ACM}
}

@inproceedings{long2015fully, 
  title={Fully convolutional networks for semantic segmentation},
  author={Long, Jonathan and Shelhamer, Evan and Darrell, Trevor},
  booktitle={Proceedings of the IEEE conference on computer vision and pattern recognition},
  pages={3431--3440},
  year={2015}
}

@inproceedings{ren2015faster,
  title={Faster r-cnn: Towards real-time object detection with region proposal networks},
  author={Ren, Shaoqing and He, Kaiming and Girshick, Ross and Sun, Jian},
  booktitle={Advances in neural information processing systems},
  pages={91--99},
  year={2015}
}

@article{isola2017image,
  title={Image-to-image translation with conditional adversarial networks},
  author={Isola, Phillip and Zhu, Jun-Yan and Zhou, Tinghui and Efros, Alexei A},
  journal={arXiv preprint},
  year={2017}
}

@article{zhu2017unpaired,
  title={Unpaired image-to-image translation using cycle-consistent adversarial networks},
  author={Zhu, Jun-Yan and Park, Taesung and Isola, Phillip and Efros, Alexei A},
  journal={arXiv preprint arXiv:1703.10593},
  year={2017},
  publisher={ICCV}
}

@article{wang2017high,
  title={High-Resolution Image Synthesis and Semantic Manipulation with Conditional GANs},
  author={Wang, Ting-Chun and Liu, Ming-Yu and Zhu, Jun-Yan and Tao, Andrew and Kautz, Jan and Catanzaro, Bryan},
  journal={arXiv preprint arXiv:1711.11585},
  year={2017}
}

@inproceedings{simon1975digital,
  title={Digital image reconstruction and resampling for geometric manipulation},
  author={Simon, KW},
  booktitle={LARS Symposia},
  pages={67},
  year={1975}
}

@article{jensen1987introductory,
  title={Introductory digital image processing: a remote sensing perspective},
  author={Jensen, John R and Lulla, Kalmesh},
  year={1987},
  publisher={Taylor \& Francis}
}



@inproceedings{waltz1988implementation,
  title={Implementation of real-time perspective correction},
  author={Waltz, Frederick M},
  booktitle={Automated Inspection and High-Speed Vision Architectures},
  volume={849},
  pages={179--184},
  year={1988},
  organization={International Society for Optics and Photonics}
}



@inproceedings{tenenbaum1997separating,
  title={Separating style and content},
  author={Tenenbaum, Joshua B and Freeman, William T},
  booktitle={Advances in neural information processing systems},
  pages={662--668},
  year={1997}
}

@article{ILSVRC15,
Author = {Olga Russakovsky and Jia Deng and Hao Su and Jonathan Krause and Sanjeev Satheesh and Sean Ma and Zhiheng Huang and Andrej Karpathy and Aditya Khosla and Michael Bernstein and Alexander C. Berg and Li Fei-Fei},
Title = {{ImageNet Large Scale Visual Recognition Challenge}},
Year = {2015},
journal   = {International Journal of Computer Vision (IJCV)},
doi = {10.1007/s11263-015-0816-y},
volume={115},
number={3},
pages={211-252}
}

@article{simonyan2014very,
  title={Very deep convolutional networks for large-scale image recognition},
  author={Simonyan, Karen and Zisserman, Andrew},
  journal={arXiv preprint arXiv:1409.1556},
  year={2014}
}

@inproceedings{gatys2016image,
  title={Image style transfer using convolutional neural networks},
  author={Gatys, Leon A and Ecker, Alexander S and Bethge, Matthias},
  booktitle={Computer Vision and Pattern Recognition (CVPR), 2016 IEEE Conference on},
  pages={2414--2423},
  year={2016},
  organization={IEEE}
}

@article{portilla2000parametric,
  title={A parametric texture model based on joint statistics of complex wavelet coefficients},
  author={Portilla, Javier and Simoncelli, Eero P},
  journal={International journal of computer vision},
  volume={40},
  number={1},
  pages={49--70},
  year={2000},
  publisher={Springer}
}

@inproceedings{efros1999texture,
  title={Texture synthesis by non-parametric sampling},
  author={Efros, Alexei A and Leung, Thomas K},
  booktitle={Computer Vision, 1999. The Proceedings of the Seventh IEEE International Conference on},
  volume={2},
  pages={1033--1038},
  year={1999},
  organization={IEEE}
}

@inproceedings{efros2001image,
  title={Image quilting for texture synthesis and transfer},
  author={Efros, Alexei A and Freeman, William T},
  booktitle={Proceedings of the 28th annual conference on Computer graphics and interactive techniques},
  pages={341--346},
  year={2001},
  organization={ACM}
}

@article{diamanti2015synthesis,
  title={Synthesis of complex image appearance from limited exemplars},
  author={Diamanti, Olga and Barnes, Connelly and Paris, Sylvain and Shechtman, Eli and Sorkine-Hornung, Olga},
  journal={ACM Transactions on Graphics (TOG)},
  volume={34},
  number={2},
  pages={22},
  year={2015},
  publisher={ACM}
}

@article{loshchilov2016sgdr,
  title={Sgdr: Stochastic gradient descent with warm restarts},
  author={Loshchilov, Ilya and Hutter, Frank},
  year={2016}
}

@inproceedings{cordts2016cityscapes,
  title={The cityscapes dataset for semantic urban scene understanding},
  author={Cordts, Marius and Omran, Mohamed and Ramos, Sebastian and Rehfeld, Timo and Enzweiler, Markus and Benenson, Rodrigo and Franke, Uwe and Roth, Stefan and Schiele, Bernt},
  booktitle={Proceedings of the IEEE conference on computer vision and pattern recognition},
  pages={3213--3223},
  year={2016}
}

@inproceedings{zhao2017pyramid,
  title={Pyramid scene parsing network},
  author={Zhao, Hengshuang and Shi, Jianping and Qi, Xiaojuan and Wang, Xiaogang and Jia, Jiaya},
  booktitle={IEEE Conf. on Computer Vision and Pattern Recognition (CVPR)},
  pages={2881--2890},
  year={2017}
}

@article{sarwar2017incremental,
  title={Incremental Learning in Deep Convolutional Neural Networks Using Partial Network Sharing},
  author={Sarwar, Syed Shakib and Ankit, Aayush and Roy, Kaushik},
  journal={arXiv preprint arXiv:1712.02719},
  year={2017}
}


